% Encoding: UTF-8

@Book{Lutz,
  author    = {Mark Lutz},
  publisher = {O'Reilly},
  title     = {Programming Python, 3rd Edition},
  year      = {2006},
}

@Book{Norton,
  author    = {Peter Norton and Alex Samuel and David Aitel and Eric Foster-Johnson and Leonard Richardson and Jason Diamond and Aleatha Parker and Michael Roberts},
  publisher = {Wrox},
  title     = {Beginning Python},
  year      = {2005},
}

@Misc{NumPyUserGuideRelease1.18.1,
  author    = {{Written by the NumPy community}},
  month     = feb,
  title     = {NumPy User Guide Release 1.18.1},
  year      = {2020},
  timestamp = {2020-03-22},
  url       = {https://numpy.org/doc/1.18/numpy-user.pdf},
}

@Book{Est_Bussab,
  author    = {Pedero Aberto Morettin and Wilton de Oliveira Bussab},
  publisher = {Saraiva},
  title     = {Estatística Básica},
  year      = {2017},
  edition   = {9},
  isbn      = {9788547220228},
  number    = {999},
}

@Book{Est_NilzaNunes,
  author    = {Nilza Nunes da Silva},
  publisher = {EDUSP},
  title     = {Amostragem probabilística : um curso introdutório},
  year      = {2004},
  isbn      = {8531404231},
}

@Book{Est_Meyer,
  author = {Paul L. Meyer},
  editor = {LTC},
  title  = {Probabilidade : aplicações à estatística},
  year   = {1983},
  isbn   = {9788521602941},
}

@Book{EST_Montgomery,
  author    = {Douglas C. Montgomery and George C. Runger},
  publisher = {LTC},
  title     = {Estatística aplicada e probabilidade para engenheiros},
  year      = {1943},
  isbn      = {9788521619024},
}

@Comment{jabref-meta: databaseType:bibtex;}
